% --- Citazioni --- %

@masterthesis{tesiFrontino,
    author = {Loredana Frontino},
    title = {Comunicare l'incertezza in ambito medico. Data visualization di supporto alla prognosi di interventi chirurgici e al decision making.},
    school = {Università degli Studi di Milano Bicocca},
    year = {2023} 
}

@article{cancerDiagnosis,
    author = {Muhammad Javed Iqbal, Zeeshan Javed, Haleema Sadia et al.},
    title = {Clinical applications of artifcial intelligence and machine learning in cancer diagnosis: looking into the future},
    url = {https://cancerci.biomedcentral.com/articles/10.1186/s12935-021-01981-1},
    year = {2021}
}

@article{orthopaedic,
    author = {A. B. Lisacek-Kiosoglous, A. S. Powling, A. Fontalis et al.},
    title = {Artificial intelligence in orthopaedic surgery: EXPLORING ITS APPLICATIONS, LIMITATIONS, AND FUTURE DIRECTION},
    url = {Bone Joint Res 2023;12(7):447–454.},
    year = {2023}
}

@article{cdss,
    author = {Reed T. Sutton , David Pincock, Daniel C. Baumgart et al.},
    title = {An overview of clinical decision support systems: benefits, risks, and strategies for success},
    url = {www.nature.com/npjdigitalmed},
    year = {2020}
}

@article{uncertainty,
    author = {Helou M. A., DiazGranados D., Ryan M. S. and Cyrus J. W.},
    title = {Uncertainty in Decision-Making in Medicine: A Scoping Review and Thematic Analysis of Conceptual Models},
    url = {Acad Med. 2020;95(1):157-165. doi:10.1097/ACM.0000000000002902},
    year = {2020}
}

@article{apacheFlask,
    author = {Rizal Maulana} ,
    title = {Serve Flask App With XAMPP Apache on Windows},
    url = {https://medium.com/swlh/serve-flask-app-with-xampp-apache-on-windows-4debb4eb0b91},
    year = {2020}
}